@unpublished{S,
  author = {Schaul, Marc},
  title="La Bible"
}

@unpublished{TC,
  author = "Arocena, Thomas and Sarrazin, Constance",
  note   = {Les auteurs de ces lignes. Ce qui est signalé par cette référence doit être accueilli avec la plus grande méfiance, puisque c'est un travail original de gens pas très futés.},
}

@book{TdE,
    title = "Théorie des ensembles",
    author = "Patrick Dehornoy",
    publisher = "Calvage \& Mounet",
    year = 2017
}