@unpublished{S,
  author = {Marc Schaul},
  title  = {La Bible},
  note="Communication personnelle"
}

@book{TdE,
    title = "Th√©orie des ensembles",
    author = "P. Dehornoy",
    publisher = "Calvage \& Mounet",
    year = 2017
}